@article{Beg2021,
  author={Beg, Marijan and Taka, Juliette and Kluyver, Thomas and Konovalov, Alexander and Ragan-Kelley, Min and Thi√©ry, Nicolas M. and Fangohr, Hans},
  journal={Computing in Science and Engineering}, 
  title={Using {J}upyter for Reproducible Scientific Workflows}, 
  year={2021},
  volume={23},
  number={2},
  pages={36-46},
  doi={10.1109/MCSE.2021.3052101}
}

@article{hashemifar2025personalized,
  title={Personalized Student Knowledge Modeling for Future Learning Resource Prediction},
  author={Hashemifar, Soroush and Sahebi, Sherry},
  journal={arXiv preprint arXiv:2505.14072},
  year={2025}
}

@article{corbett1994knowledge,
  title={Knowledge tracing: Modeling the acquisition of procedural knowledge},
  author={Corbett, Albert T and Anderson, John R},
  journal={User modeling and user-adapted interaction},
  volume={4},
  number={4},
  pages={253--278},
  year={1994},
  publisher={Springer}
}

@article{piech2015deep,
  title={Deep knowledge tracing},
  author={Piech, Chris and Bassen, Jonathan and Huang, Jonathan and Ganguli, Surya and Sahami, Mehran and Guibas, Leonidas J and Sohl-Dickstein, Jascha},
  journal={Advances in neural information processing systems},
  volume={28},
  year={2015}
}

@article{ghosh2020context,
  title={Context-aware attentive knowledge tracing},
  author={Ghosh, Aritra and Heffernan, Neil and Lan, Andrew S},
  journal={Proceedings of the 26th ACM SIGKDD International Conference on Knowledge Discovery \& Data Mining},
  pages={2330--2339},
  year={2020}
}

@article{zhang2017dynamic,
  title={Dynamic key-value memory networks for knowledge tracing},
  author={Zhang, Jiani and Shi, Xingjian and King, Irwin and Yeung, Dit-Yan},
  journal={Proceedings of the 26th international conference on world wide web},
  pages={765--774},
  year={2017}
}

@article{lee2022transformers,
  title={Transformers in educational applications: A survey},
  author={Lee, Jaehoon and Kim, Seonghoon and Park, Chanyoung},
  journal={IEEE Transactions on Learning Technologies},
  volume={15},
  number={3},
  pages={234--247},
  year={2022}
}

@article{settles2016trainable,
  title={A trainable spaced repetition model for language learning},
  author={Settles, Burr and Meeder, Brendan},
  journal={Proceedings of the 54th Annual Meeting of the Association for Computational Linguistics},
  pages={1848--1858},
  year={2016}
}

@article{chen2020neural,
  title={Neural collaborative filtering for educational recommendation systems},
  author={Chen, Penghe and Lu, Yu and Zheng, Vincent W and Chen, Enhong and Liu, Qi},
  journal={IEEE Transactions on Knowledge and Data Engineering},
  volume={32},
  number={6},
  pages={1164--1177},
  year={2020}
}

@article{fedus2022switch,
  title={Switch transformer: Scaling to trillion parameter models with simple and efficient sparsity},
  author={Fedus, William and Zoph, Barret and Shazeer, Noam},
  journal={Journal of Machine Learning Research},
  volume={23},
  number={120},
  pages={1--39},
  year={2022}
}

@article{choi2020ednet,
  title={EdNet: A large-scale hierarchical dataset in education},
  author={Choi, Youngduck and Lee, Youngnam and Shin, Dongmin and Cho, Junghyun and Park, Seoyon and Lee, Seewoo and Baek, Jineon and Bae, Chan and Kim, Byungsoo and Heo, Jaewe},
  journal={Artificial Intelligence in Education},
  pages={69--73},
  year={2020}
}

@inproceedings{reimers2019sentence,
  title={Sentence-BERT: Sentence embeddings using Siamese BERT-networks},
  author={Reimers, Nils and Gurevych, Iryna},
  booktitle={Proceedings of the 2019 Conference on Empirical Methods in Natural Language Processing and the 9th International Joint Conference on Natural Language Processing (EMNLP-IJCNLP)},
  pages={3982--3992},
  year={2019}
}

@article{ebbinghaus1885memory,
  title={Memory: A contribution to experimental psychology},
  author={Ebbinghaus, Hermann},
  journal={Teachers college, Columbia university},
  year={1885}
}

@article{lundberg2017unified,
  title={A unified approach to interpreting model predictions},
  author={Lundberg, Scott M and Lee, Su-In},
  journal={Advances in neural information processing systems},
  volume={30},
  year={2017}
}

@article{zhao2024multi,
  title={Multi-task modeling of student knowledge and behavior},
  author={Zhao, Siqian and Sahebi, Sherry},
  journal={Proceedings of the 33rd ACM International Conference on Information and Knowledge Management},
  pages={3363--3373},
  year={2024}
}

@article{devlin2018bert,
  title={BERT: Pre-training of Deep Bidirectional Transformers for Language Understanding},
  author={Devlin, Jacob and Chang, Ming-Wei and Lee, Kenton and Toutanova, Kristina},
  journal={arXiv preprint arXiv:1810.04805},
  year={2018}
}

@inproceedings{devlin2019bert,
  title={BERT: Pre-training of Deep Bidirectional Transformers for Language Understanding},
  author={Devlin, Jacob and Chang, Ming-Wei and Lee, Kenton and Toutanova, Kristina},
  booktitle={Proceedings of the 2019 Conference of the North American Chapter of the Association for Computational Linguistics: Human Language Technologies, Volume 1 (Long and Short Papers)},
  pages={4171--4186},
  year={2019}
}

@article{vaswani2017attention,
  title={Attention is all you need},
  author={Vaswani, Ashish and Shazeer, Noam and Parmar, Niki and Uszkoreit, Jakob and Jones, Llion and Gomez, Aidan N and Kaiser, {\L}ukasz and Polosukhin, Illia},
  journal={Advances in neural information processing systems},
  volume={30},
  year={2017}
}

@article{pandey2019self,
  title={Self-attentive model for knowledge tracing},
  author={Pandey, Shalini and Karypis, George},
  journal={Proceedings of the 12th International Conference on Educational Data Mining},
  pages={384--389},
  year={2019}
}

@article{nakagawa2019graph,
  title={Graph-based knowledge tracing: modeling student proficiency using graph neural network},
  author={Nakagawa, Hiromi and Iwasawa, Yusuke and Matsuo, Yutaka},
  journal={Proceedings of the IEEE/WIC/ACM International Conference on Web Intelligence},
  pages={156--163},
  year={2019}
}

@article{su2018exercise,
  title={Exercise-enhanced sequential modeling for student performance prediction},
  author={Su, Yu and Liu, Qingyu and Liu, Qi and Huang, Zhenya and Yin, Yu and Chen, Enhong and Ding, Chris and Wei, Si and Hu, Guoping},
  journal={Proceedings of the AAAI Conference on Artificial Intelligence},
  volume={32},
  number={1},
  year={2018}
}

@article{wang2020diagnostic,
  title={A neural cognitive diagnosis for intelligent education systems},
  author={Wang, Fei and Liu, Qi and Chen, Enhong and Huang, Zhenya and Chen, Yuying and Yin, Yu and Huang, Zai and Wang, Shijin},
  journal={Proceedings of the AAAI Conference on Artificial Intelligence},
  volume={34},
  number={04},
  pages={6153--6161},
  year={2020}
}

@article{shelhamer2022mixture,
  title={Mixture-of-experts meets instruction tuning: A winning combination for large language models},
  author={Shelhamer, Evan and Zhang, Hanzi and Liu, Sheng and Deng, Bowen and Fei-Fei, Li and Krishna, Ranjay},
  journal={arXiv preprint arXiv:2305.14705},
  year={2022}
}

@article{kenton2019bert,
  title={BERT: Pre-training of deep bidirectional transformers for language understanding},
  author={Kenton, Jacob Devlin and Chang, Ming-Wei and Lee, Kenton and Toutanova, Kristina},
  journal={Proceedings of NAACL-HLT},
  pages={4171--4186},
  year={2019}
}

@article{brown2020language,
  title={Language models are few-shot learners},
  author={Brown, Tom and Mann, Benjamin and Ryder, Nick and Subbiah, Melanie and Kaplan, Jared D and Dhariwal, Prafulla and Neelakantan, Arvind and Shyam, Pranav and Sastry, Girish and Askell, Amanda and others},
  journal={Advances in neural information processing systems},
  volume={33},
  pages={1877--1901},
  year={2020}
}

@article{ouyang2022training,
  title={Training language models to follow instructions with human feedback},
  author={Ouyang, Long and Wu, Jeffrey and Jiang, Xu and Almeida, Diogo and Wainwright, Carroll and Mishkin, Pamela and Zhang, Chong and Agarwal, Sandhini and Slama, Katarina and Ray, Alex and others},
  journal={Advances in Neural Information Processing Systems},
  volume={35},
  pages={27730--27744},
  year={2022}
}

@article{wixted2004psychology,
  title={The psychology and neuroscience of forgetting},
  author={Wixted, John T},
  journal={Annual review of psychology},
  volume={55},
  pages={235--269},
  year={2004},
  publisher={Annual Reviews}
}

@article{murre2015replication,
  title={Replication and analysis of Ebbinghaus' forgetting curve},
  author={Murre, Jaap MJ and Dros, Joeri},
  journal={PLoS one},
  volume={10},
  number={7},
  pages={e0120644},
  year={2015},
  publisher={Public Library of Science}
}

@article{baker2010data,
  title={Data mining for education},
  author={Baker, Ryan Shaun and Yacef, Kalina},
  journal={International encyclopedia of education},
  volume={7},
  pages={112--118},
  year={2010},
  publisher={Elsevier Oxford, UK}
}

@article{siemens2013learning,
  title={Learning analytics: The emergence of a discipline},
  author={Siemens, George and Baker, Ryan SJD},
  journal={American behavioral scientist},
  volume={57},
  number={10},
  pages={1380--1400},
  year={2013},
  publisher={Sage Publications Sage CA: Los Angeles, CA}
}

@article{sha2024forgetting,
  title={"Forgetting" in Machine Learning and Beyond: A Survey},
  author={Sha, Alyssa Shuang and Nunes, Bernardo Pereira and Haller, Armin},
  journal={arXiv preprint arXiv:2405.20620},
  year={2024}
}

@article{wang2024personalized,
  title={Personalized Forgetting Mechanism with Concept-Driven Knowledge Tracing},
  author={Wang, Shanshan and Hu, Ying and Yang, Xun and Zhang, Zhongzhou and Wang, Keyang and Zhang, Xingyi},
  journal={arXiv preprint arXiv:2404.12127},
  year={2024}
}

@article{jiang2025graceful,
  title={Graceful Forgetting in Generative Language Models},
  author={Jiang, Chunyang and Chan, Chi-min and Cai, Yiyang and Liu, Yulong and Xue, Wei and Guo, Yike},
  journal={arXiv preprint arXiv:2505.19715},
  year={2025}
}

@article{li2025tutorllm,
  title={TutorLLM: Customizing Learning Recommendations with Knowledge Tracing and Retrieval-Augmented Generation},
  author={Li, Zhaoxing and Yazdanpanah, Vahid and Wang, Jindi and Gu, Wen and Shi, Lei and Cristea, Alexandra I and Kiden, Sarah and Stein, Sebastian},
  journal={arXiv preprint arXiv:2502.15709},
  year={2025}
}

@article{zou2025multi,
  title={Multi-Type Context-Aware Conversational Recommender Systems via Mixture-of-Experts},
  author={Zou, Jie and Lin, Cheng and Guo, Weikang and Wang, Zheng and Wei, Jiwei and Yang, Yang and Shen, Hengtao},
  journal={arXiv preprint arXiv:2504.13655},
  year={2025}
}

@article{wang2024fusing,
  title={Fusing Models with Complementary Expertise},
  author={Wang, Hongyi and Polo, Felipe Maia and Sun, Yuekai and Kundu, Souvik and Xing, Eric and Yurochkin, Mikhail},
  journal={Proceedings of the International Conference on Learning Representations (ICLR)},
  year={2024}
}

@inproceedings{shazeer2017outrageously,
  title={Outrageously Large Neural Networks: The Sparsely-Gated Mixture-of-Experts Layer},
  author={Shazeer, Noam and Mirhoseini, Azalia and Maziarz, Krzysztof and Davis, Andy and Le, Quoc and Hinton, Geoffrey and Dean, Jeff},
  booktitle={International Conference on Learning Representations (ICLR)},
  year={2017}
}

@article{ma2018modeling,
  title={Modeling Task Relationships in Multi-task Learning with Multi-gate Mixture-of-Experts},
  author={Ma, Jiaqi and Zhao, Zhe and Yi, Xinyang and Chen, Jilin and Hong, Lichan and Chi, Ed H},
  journal={Proceedings of the 24th ACM SIGKDD International Conference on Knowledge Discovery \& Data Mining},
  pages={1930--1939},
  year={2018}
}

@article{zhao2019recommending,
  title={Recommending what video to watch next: a multitask ranking system},
  author={Zhao, Zhe and Hong, Lichan and Wei, Li and Chen, Jilin and Nath, Anirudh and Andrews, Shawn and Kumthekar, Aditee and Sathiamoorthy, Maheswaran and Yi, Xinyang and Chi, Ed},
  journal={Proceedings of the 13th ACM Conference on Recommender Systems},
  pages={43--51},
  year={2019}
}

@article{du2020curriculum,
  title={Curriculum Learning: A Survey},
  author={Wang, Xin and Chen, Yudong and Zhu, Wenwu},
  journal={IEEE Transactions on Pattern Analysis and Machine Intelligence},
  year={2021},
  volume={44},
  number={9},
  pages={4555--4570},
  doi={10.1109/TPAMI.2021.3069908}
}

@article{wang2021survey,
  title={A Survey on Deep Learning for Personalized Educational Recommender Systems},
  author={Wang, Feng and Chen, Wei and Yang, Qiang},
  journal={IEEE Transactions on Learning Technologies},
  volume={14},
  number={4},
  pages={451--465},
  year={2021}
}

@article{chen2022adaptive,
  title={Adaptive Personalized Learning Path Recommendation Based on Knowledge Graph and Reinforcement Learning},
  author={Chen, Penghe and Zhang, Jian and Zheng, Vincent W and Liu, Qi and Chen, Enhong},
  journal={IEEE Transactions on Knowledge and Data Engineering},
  volume={34},
  number={8},
  pages={3654--3667},
  year={2022}
}

@article{bengio2009curriculum,
  title={Curriculum learning},
  author={Bengio, Yoshua and Louradour, J{\'e}r{\^o}me and Collobert, Ronan and Weston, Jason},
  journal={Proceedings of the 26th annual international conference on machine learning},
  pages={41--48},
  year={2009}
}

@article{karpicke2008critical,
  title={The critical importance of retrieval for learning},
  author={Karpicke, Jeffrey D and Roediger, Henry L},
  journal={Science},
  volume={319},
  number={5865},
  pages={966--968},
  year={2008},
  publisher={American Association for the Advancement of Science}
}

@article{roediger2011test,
  title={The power of testing memory: Basic research and implications for educational practice},
  author={Roediger, Henry L and Karpicke, Jeffrey D},
  journal={Perspectives on psychological science},
  volume={1},
  number={3},
  pages={181--210},
  year={2011},
  publisher={Sage Publications Sage CA: Los Angeles, CA}
}

@inproceedings{zaheer2020big,
  title={Big Bird: Transformers for Longer Sequences},
  author={Zaheer, Manzil and Guruganesh, Guru and Dubey, Kumar Avinava and Ainslie, Joshua and Alberti, Chris and Ontanon, Santiago and Pham, Philip and Ravula, Anirudh and Wang, Qifan and Yang, Li and Ahmed, Amr},
  booktitle={Advances in Neural Information Processing Systems},
  volume={33},
  pages={17283--17297},
  year={2020}
}

@inproceedings{hao2021self,
  title={Self-Attention Attribution: Interpreting Information Interactions Inside Transformer},
  author={Hao, Yaru and Dong, Li and Wei, Furu and Xu, Ke},
  booktitle={Proceedings of the AAAI Conference on Artificial Intelligence},
  volume={35},
  number={14},
  pages={12963--12971},
  year={2021},
  doi={10.1609/aaai.v35i14.17533}
}